
@book{ForecastingExponentialSmoothing,
	series = {Springer {Series} in {Statistics}},
	title = {Forecasting with {Exponential} {Smoothing}},
	abstract = {This book details a modeling framework incorporating stochastic models, likelihood calculation, prediction intervals, procedures for model selection.},
	language = {en},
	urldate = {2022-10-08},
	publisher = {Springer},
	author = {Hyndman, Rob J and Koehler, Anne B and Ord, Keith and Snyder, Ralph D},
	year = {2008},
}
