@misc{matteraImprovingOutofSampleForecasts2023,
  title = {Improving {{Out-of-Sample Forecasts}} of {{Stock Price Indexes}} with {{Forecast Reconciliation}} and {{Clustering}}},
  author = {Mattera, Raffaele and Athanasopoulos, George and Hyndman, Rob J},
  year = {2023}
}

@article{wickramasuriyaOptimalForecastReconciliation2019,
  title = {Optimal {{Forecast Reconciliation}} for {{Hierarchical}} and {{Grouped Time Series Through Trace Minimization}}},
  author = {Wickramasuriya, Shanika L. and Athanasopoulos, George and Hyndman, Rob J.},
  journal = {Journal of the American Statistical Association},
  year = {2019},
  volume = {114},
  number = {526},
  pages = {804--819},
  doi = {10.1080/01621459.2018.1448825},
}

@article{koningM3CompetitionStatistical2005,
  title = {The {{M3}} Competition: {{Statistical}} Tests of the Results},
  author = {Koning, Alex J. and Franses, Philip Hans and Hibon, Mich{\`e}le and Stekler, H. O.},
  journal = {International Journal of Forecasting},
  year = {2005},
  volume = {21},
  number = {3},
  pages = {397--409},
  doi = {10.1016/j.ijforecast.2004.10.003},
}

@Manual{tsfeatures,
title = {tsfeatures: Time Series Feature Extraction},
author = {Rob J. Hyndman and Yanfei Kang and Pablo Montero-Manso and Thiyanga Talagala and Earo Wang and Yangzhuoran Yang and Mitchell O'Hara-Wild},
year = {2022},
note = {R package version 1.1.0.9000},
url = {https://pkg.robjhyndman.com/tsfeatures/},
}

@Manual{cluster,
  title = {cluster: Cluster Analysis Basics and Extensions},
  author = {Martin Maechler and Peter Rousseeuw and Anja Struyf and Mia Hubert and Kurt Hornik},
  year = {2022},
  url = {https://cran.r-project.org/web/packages/cluster/index.html},
  note = {R package version 2.1.4},
}


@article{aghabozorgiTimeseriesClusteringDecade2015a,
	title = {Time-series clustering â€“ {A} decade review},
	volume = {53},
	issn = {0306-4379},
	doi = {10.1016/j.is.2015.04.007},
	journal = {Information Systems},
	author = {Aghabozorgi, Saeed and Seyed Shirkhorshidi, Ali and Ying Wah, Teh},
	month = oct,
	year = {2015},
	pages = {16--38},
}


@inproceedings{tianoFeatTSFeaturebasedTime2021,
	address = {New York, NY, USA},
	series = {{SIGMOD} '21},
	title = {{FeatTS}: {Feature}-based {Time} {Series} {Clustering}},
	isbn = {978-1-4503-8343-1},
	doi = {10.1145/3448016.3452757},
	booktitle = {Proceedings of the 2021 {International} {Conference} on {Management} of {Data}},
	publisher = {Association for Computing Machinery},
	author = {Tiano, Donato and Bonifati, Angela and Ng, Raymond},
	year = {2021},
	pages = {2784--2788},
}


@article{montero-mansoFFORMAFeaturebasedForecast2020,
	series = {M4 {Competition}},
	title = {{FFORMA}: {Feature}-based forecast model averaging},
	volume = {36},
	issn = {0169-2070},
	doi = {10.1016/j.ijforecast.2019.02.011},
	language = {en},
	number = {1},
	urldate = {2021-12-11},
	journal = {International Journal of Forecasting},
	author = {Montero-Manso, Pablo and Athanasopoulos, George and Hyndman, Rob J. and Talagala, Thiyanga S.},
	month = jan,
	year = {2020},
	pages = {86--92},
}


@article{wangUncertaintyEstimationFeaturebased2022,
	title = {The uncertainty estimation of feature-based forecast combinations},
	volume = {73},
	issn = {0160-5682},
	url = {https://doi.org/10.1080/01605682.2021.1880297},
	doi = {10.1080/01605682.2021.1880297},
	number = {5},
	journal = {Journal of the Operational Research Society},
	author = {Wang, Xiaoqian and Kang, Yanfei and Petropoulos, Fotios and Li, Feng},
	month = may,
	year = {2022},
	pages = {979--993},
}


@article{liFeaturebasedIntermittentDemand2023,
	title = {Feature-based intermittent demand forecast combinations: accuracy and inventory implications},
	volume = {61},
	issn = {0020-7543},
	doi = {10.1080/00207543.2022.2153941},
	number = {22},
	journal = {International Journal of Production Research},
	author = {Li, Li and Kang, Yanfei and Petropoulos, Fotios and Li, Feng},
	month = nov,
	year = {2023},
	pages = {7557--7572},
}
